@book{SQLCookbook,
abstract = {},
address = {},
author = {{Anthony Molinaro}},
pages = {1--212},
publisher = {O'Reilly},
title = {{SQL Cookbok}},
type = {Book},
year = {2005}
}
@book{DBSConcepts,
abstract = {},
address = {},
author = {{Abraham Silberschatz}, {Henry F. Korth}, {S. Sudarshan}},
pages = {1--212},
publisher = {McGraw-Hill Education},
title = {{Database System Concepts}},
type = {Book},
year = {1986}
}
@book{GoF,
abstract = {},
address = {},
author = {{Erich Gamma}, {John Vlissides}, {Ralph Johnson}, {Richard Helm}},
pages = {1--212},
publisher = {Addison-Wesley},
title = {{Design Patterns}},
type = {Book},
year = {1994}
}
@book{EntPatterns,
abstract = {},
address = {},
author = {{Martin Fowler}},
pages = {1--212},
publisher = {Addison-Wesley},
title = {{Patterns of Enterprise Application Architecture}},
type = {Book},
year = {2002}
}
@book{UMLDistilled,
abstract = {},
address = {},
author = {{Martin Fowler}},
pages = {1--212},
publisher = {Addison-Wesley},
title = {{UML Distilled}},
type = {Book},
year = {1997}
}
@book{AWSTut,
abstract = {},
address = {},
author = {{Dennis Hutten}},
pages = {1--212},
publisher = {Addison-Wesley},
title = {{AWS: Amazon Web Services Tutorial}},
type = {Book},
year = {2016}
}
@book{TDDExample,
abstract = {},
address = {},
author = {{Kent Beck}},
pages = {1--212},
publisher = {Addison-Wesley},
title = {{Test-Driven Development By Example}},
type = {Book},
year = {2003}
}
@book{2Scoops,
abstract = {},
address = {},
author = {{Roy Greenfeld}},
pages = {1--212},
publisher = {Two Scoops Press},
title = {{Two Scoops of Django 1.11: Best Practices for the Django Web Framework}},
type = {Book},
year = {2016}
}
@book{Python,
abstract = {},
address = {},
author = {{Mark Lutz}},
pages = {1--212},
publisher = {O'Reilly},
title = {{Learning Python}},
type = {Book},
year = {2013}
}
@book{PythonPocket,
abstract = {},
address = {},
author = {{Mark Lutz}},
pages = {1--212},
publisher = {O'Reilly},
title = {{Python Pocket Reference}},
type = {Book},
year = {2014}
}
@book{CodeComplete,
abstract = {},
address = {},
author = {{Steve McConnell}},
pages = {1--212},
publisher = {Microsoft Press},
title = {{Code Complete}},
type = {Book},
year = {2004}
}
@book{Pragmatic,
abstract = {},
address = {},
author = {{Hunt}, {Thomas}},
pages = {1--212},
publisher = {Addison-Wesley},
title = {{The Pragmatic Programmer}},
type = {Book},
year = {1999}
}
@book{TDDPython,
abstract = {},
address = {},
author = {{J.W. Percival}},
pages = {1--212},
publisher = {O'Reilly},
title = {{Test-Driven Development with Python}},
type = {Book},
year = {2014}
}
@book{STDPython,
abstract = {},
address = {},
author = {{Python}},
pages = {1--212},
publisher = {Python Software Foundation},
title = {{Python documentation}},
type = {Web},
year = {2017}
}
@book{STDDjango,
abstract = {},
address = {},
author = {{Django}},
pages = {1--212},
publisher = {Django Software Foundation},
title = {{Django documentation}},
type = {Web},
year = {2017}
}
